<?xml version="1.0" encoding="UTF-8"?><collection xmlns="http://www.loc.gov/MARC21/slim"><record><leader>00412nam--2200169-i-4500</leader><controlfield tag="001">000035733</controlfield><controlfield tag="002">20161230</controlfield><controlfield tag="005">20161230201040</controlfield><controlfield tag="008">060222s1000------------r-----000-0-eng-d</controlfield><datafield ind1=" " ind2=" " tag="040"><subfield code="a">IFIN-HH</subfield></datafield><datafield ind1=" " ind2=" " tag="080"><subfield code="a">53</subfield></datafield><datafield ind1="1" ind2=" " tag="100"><subfield code="a">Orear, Jay</subfield></datafield><datafield ind1="1" ind2="0" tag="245"><subfield code="a">Fundamental physics</subfield><subfield code="c">Jay orear</subfield></datafield><datafield ind1=" " ind2=" " tag="260"><subfield code="a">New York</subfield><subfield code="b">John Wiley &amp; Sons, Inc</subfield><subfield code="c">1961</subfield></datafield><datafield ind1=" " ind2=" " tag="300"><subfield code="a">XII + 381P</subfield></datafield><datafield ind1=" " ind2=" " tag="852"><subfield code="a">16061</subfield><subfield code="c">53</subfield></datafield><datafield ind1=" " ind2=" " tag="CAT"><subfield code="a">Sys</subfield><subfield code="c">20150216</subfield><subfield code="h">220051</subfield></datafield></record></collection>